<record><leader>00000cas a2200000 a 4500</leader><controlfield tag="001">17220658</controlfield><controlfield tag="008">871211c19419999kyuwr ne      0    0eng d</controlfield><datafield ind1=" " ind2=" " tag="010"><subfield code="a">sn 87060355 </subfield></datafield><datafield ind1=" " ind2=" " tag="040"><subfield code="a">KNP</subfield><subfield code="b">eng</subfield><subfield code="c">KNP</subfield><subfield code="d">OCL</subfield><subfield code="d">OCLCQ</subfield><subfield code="d">KYUBL</subfield><subfield code="d">OCLCQ</subfield><subfield code="d">OCLCO</subfield><subfield code="d">OCLCF</subfield></datafield><datafield ind1="1" ind2=" " tag="029"><subfield code="a">AU@</subfield><subfield code="b">000025836798</subfield></datafield><datafield ind1=" " ind2=" " tag="042"><subfield code="a">msc</subfield></datafield><datafield ind1=" " ind2=" " tag="043"><subfield code="a">n-us-ky</subfield></datafield><datafield ind1="0" ind2=" " tag="130"><subfield code="a">Greensburg record-herald (1941)</subfield></datafield><datafield ind1="1" ind2="0" tag="245"><subfield code="a">Greensburg record-herald.</subfield></datafield><datafield ind1="1" ind2="7" tag="246"><subfield code="a">Record-herald</subfield></datafield><datafield ind1=" " ind2=" " tag="260"><subfield code="a">Greensburg, Green County, Ky. :</subfield><subfield code="b">Egbert V. Taylor,</subfield><subfield code="c">1941-</subfield></datafield><datafield ind1=" " ind2=" " tag="300"><subfield code="a">v. :</subfield><subfield code="b">ill.</subfield></datafield><datafield ind1=" " ind2=" " tag="310"><subfield code="a">Weekly,</subfield><subfield code="b">Apr. 25, 1968-</subfield></datafield><datafield ind1=" " ind2=" " tag="321"><subfield code="a">Weekly,</subfield><subfield code="b">Nov. 11, 1926-Aug. 31, 1967</subfield></datafield><datafield ind1=" " ind2=" " tag="321"><subfield code="a">Semiweekly,</subfield><subfield code="b">Sept. 5, 1967-Apr. 23, 1968</subfield></datafield><datafield ind1="0" ind2=" " tag="362"><subfield code="a">46th year, no. 16 (Apr. 18, 1941)-</subfield></datafield><datafield ind1=" " ind2="0" tag="651"><subfield code="a">Green County (Ky.)</subfield><subfield code="v">Newspapers.</subfield></datafield><datafield ind1=" " ind2="0" tag="651"><subfield code="a">Greensburg (Ky.)</subfield><subfield code="v">Newspapers.</subfield></datafield><datafield ind1=" " ind2="7" tag="655"><subfield code="a">Newspapers.</subfield><subfield code="2">fast</subfield><subfield code="0">(OCoLC)fst01423814</subfield></datafield><datafield ind1=" " ind2="7" tag="651"><subfield code="a">Kentucky</subfield><subfield code="z">Green County.</subfield><subfield code="2">fast</subfield><subfield code="0">(OCoLC)fst01205210</subfield></datafield><datafield ind1=" " ind2="7" tag="651"><subfield code="a">Kentucky</subfield><subfield code="z">Greensburg.</subfield><subfield code="2">fast</subfield><subfield code="0">(OCoLC)fst01252145</subfield></datafield><datafield ind1="0" ind2="0" tag="780"><subfield code="t">Record-herald (Greensburg, Ky.)</subfield><subfield code="w">(DLC)sn 87060354</subfield></datafield></record>